[gd_scene load_steps=15 format=3 uid="uid://ckiv23txqss3j"]

[ext_resource type="PackedScene" uid="uid://cs7fvrkhxm4a7" path="res://scenes/menu/HUD.tscn" id="1_kjihk"]
[ext_resource type="PackedScene" uid="uid://bff282ghkn84g" path="res://scenes/game/cat.tscn" id="1_plo13"]
[ext_resource type="PackedScene" uid="uid://bw7ryqsbjiqd8" path="res://scenes/game/world.tscn" id="2_y0cf3"]
[ext_resource type="PackedScene" uid="uid://dadq82lbffqfw" path="res://scenes/menu/introduction.tscn" id="3_ybe88"]
[ext_resource type="PackedScene" uid="uid://cyrhhr8veiyt6" path="res://scenes/menu/game-over-death.tscn" id="5_em3bv"]
[ext_resource type="PackedScene" uid="uid://b1ad061utm3s5" path="res://scenes/menu/game-over-burst.tscn" id="6_y5m74"]
[ext_resource type="PackedScene" uid="uid://dhqkfvo361td8" path="res://scenes/menu/cinematique.tscn" id="7_wm42j"]
[ext_resource type="PackedScene" uid="uid://cu5bplwtpkd5s" path="res://scenes/menu/game-over-win.tscn" id="8_3shih"]
[ext_resource type="AudioStream" uid="uid://blukknnttvcxn" path="res://assets/audio/dungeon.wav" id="9_br3ix"]
[ext_resource type="AudioStream" uid="uid://bjkp8if220w6x" path="res://assets/audio/boss.wav" id="10_idbws"]
[ext_resource type="AudioStream" uid="uid://c2afchhkghmlp" path="res://assets/audio/victory.wav" id="11_am6ip"]
[ext_resource type="AudioStream" uid="uid://cerbq7emvbwe8" path="res://assets/audio/defeat.wav" id="12_yufk8"]

[sub_resource type="GDScript" id="GDScript_0m0fg"]
script/source = "extends Node2D

@onready var mob_spawn_location = $Cat/MobPath/MobSpawnLocation
@onready var hud = $HUD
@onready var game_over_death = $GameOverDeath
@onready var introduction = $Introduction
@onready var game_over_burst = $GameOverBurst
@onready var cat = $Cat
@onready var cinematique = $Cinematique
@onready var game_over_win = $GameOverWin

@onready var dungeon_music = $dungeon
@onready var boss_music = $boss
@onready var victory_music = $victory
@onready var deafeat_music = $deafeat

const box_scene = preload(\"res://scenes/game/furnitures/box.tscn\")
const rat_scene = preload(\"res://scenes/game/rat.tscn\")
const PLAYER_INIT_POS = Vector2(0, 125)
const RAT_REQUIRED = 100
var score
var player_name
var killed_rats = 0
var box = null

func game_over():
	$MobTimer.stop()

func new_game():
	$MobTimer.wait_time = 1
	reset_musics()
	dungeon_music.play()
	$Cat.position = PLAYER_INIT_POS
	$Cat.reset()
	get_tree().call_group(\"enemies\", \"reset\")
	$Introduction.hide()
	$MobTimer.start()
	game_over_death.visible = false
	killed_rats = 0
	hud.init()
	if box != null:
		box.queue_free()

func reset_musics():
	boss_music.stop()
	dungeon_music.stop()
	victory_music.stop()
	deafeat_music.stop()

func _on_mob_timer_timeout():
	# Create a new instance of the Mob scene.
	var mob = rat_scene.instantiate()
	mob.add_to_group(\"enemies\")
	mob.set_target($Cat)

	# Choose a random location on Path2D.
	mob_spawn_location.progress_ratio = randf()

	# Set the mob's position to a random location.
	mob.position = mob_spawn_location.global_position

	# Spawn the mob by adding it to the Main scene.
	add_child(mob)
	mob.connect(\"killed\", _on_rat_killed)
	mob.connect(\"bit\", _on_rat_bit)
	mob.connect(\"targeted\", _on_enemy_targeted)
	$MobTimer.wait_time = max($MobTimer.wait_time - 0.07, 0.2)

func _on_introduction_new_game_requested(input_name):
	player_name = input_name
	new_game()

func _on_enemy_targeted(enemy:CharacterBody2D):
	if cat.global_position.distance_to(enemy.global_position) < 100:
		cat.sword.attack()

func _on_rat_bit(damage):
	if hud.get_value() <= 0:
		game_over_death.visible = true
		reset_musics()
		deafeat_music.play()
		$Cat.kill()
		$MobTimer.stop()
		get_tree().call_group(\"enemies\", \"queue_free\")
		if box != null:
			box.queue_free()
		return
	hud.decrease(damage)

func _on_rat_killed():
	killed_rats += 1
	
	if killed_rats == RAT_REQUIRED:
		$MobTimer.stop()
		box = box_scene.instantiate()
		box.position = cat.position
		box.position.x += 1000
		box.position.y = 324
		box.connect(\"boss_entered\", _on_box_boss_entered)
		box.connect(\"boss_arrived\", _on_box_boss_arrived)
		box.connect(\"reached\", _on_box_reached)
		add_child(box)
		box.boss.connect(\"bit\", _on_rat_bit)
		box.boss.connect(\"targeted\", _on_enemy_targeted)
		box.setBoxName(player_name)

	if hud.get_value() >= 100:
		game_over_burst.visible = true
		reset_musics()
		deafeat_music.play()
		$Cat.kill()
		$MobTimer.stop()
		get_tree().call_group(\"enemies\", \"queue_free\")
		if box != null:
			box.queue_free()
		return
	hud.increase(7)

func _on_game_over_death_new_game_requested(input_name):
	player_name = input_name
	game_over_death.visible = false
	introduction.visible = true

func _on_game_over_burst_new_game_requested(input_name):
	player_name = input_name
	game_over_burst.visible = false
	introduction.visible = true

func _on_box_boss_entered():
	reset_musics()
	boss_music.play()
	cinematique.show()
	cat.can_move = false
	
func _on_box_boss_arrived():
	cinematique.hide()
	cat.can_move = true
	
func _on_box_reached():
	reset_musics()
	victory_music.play()
	game_over_win.visible = true
	$Cat.kill()
	$MobTimer.stop()

func _on_game_over_win_new_game_requested(name):
	game_over_win.visible = false
	introduction.visible = true
	box = null
"

[sub_resource type="Curve2D" id="Curve2D_cvcj6"]
_data = {
"points": PackedVector2Array(0, 0, 0, 0, 1184, 205, 0, 0, 0, 0, 1179, 621)
}
point_count = 2

[node name="main" type="Node2D"]
script = SubResource("GDScript_0m0fg")

[node name="HUD" parent="." instance=ExtResource("1_kjihk")]

[node name="Cat" parent="." instance=ExtResource("1_plo13")]
position = Vector2(50, 325)

[node name="MobPath" type="Path2D" parent="Cat"]
position = Vector2(-50, -325)
curve = SubResource("Curve2D_cvcj6")

[node name="MobSpawnLocation" type="PathFollow2D" parent="Cat/MobPath"]
position = Vector2(1184, 205)
rotation = 1.58281

[node name="MobTimer" type="Timer" parent="."]

[node name="World" parent="." instance=ExtResource("2_y0cf3")]

[node name="Introduction" parent="." instance=ExtResource("3_ybe88")]

[node name="GameOverDeath" parent="." instance=ExtResource("5_em3bv")]
visible = false

[node name="GameOverBurst" parent="." instance=ExtResource("6_y5m74")]
visible = false

[node name="Cinematique" parent="." instance=ExtResource("7_wm42j")]
visible = false

[node name="GameOverWin" parent="." instance=ExtResource("8_3shih")]
visible = false

[node name="dungeon" type="AudioStreamPlayer" parent="."]
stream = ExtResource("9_br3ix")
volume_db = -20.0

[node name="boss" type="AudioStreamPlayer" parent="."]
stream = ExtResource("10_idbws")
volume_db = -22.915

[node name="victory" type="AudioStreamPlayer" parent="."]
stream = ExtResource("11_am6ip")
volume_db = -19.396

[node name="deafeat" type="AudioStreamPlayer" parent="."]
stream = ExtResource("12_yufk8")
volume_db = -10.0

[connection signal="hurt" from="Cat" to="." method="_on_cat_hurt"]
[connection signal="timeout" from="MobTimer" to="." method="_on_mob_timer_timeout"]
[connection signal="new_game_requested" from="Introduction" to="." method="_on_introduction_new_game_requested"]
[connection signal="new_game_requested" from="GameOverDeath" to="." method="_on_game_over_death_new_game_requested"]
[connection signal="new_game_requested" from="GameOverBurst" to="." method="_on_game_over_burst_new_game_requested"]
[connection signal="new_game_requested" from="GameOverWin" to="." method="_on_game_over_win_new_game_requested"]
